@Article{noce:siam:95,
author        = {R.H. Byrd and P. Lu and J. Nocedal},
title         = {A Limited Memory Algorithm for Bound Constrained 
                 Optimization},
journal       = {SIAM Journal on Scientific and Statistical 
                 Computing},
year          = 1995,
volume        = 16,
pages         = {1190--1208}
}
% Article en possession

@Article{noce:acm:97,
author        = {C. Zhu and R.H. Byrd and J. Nocedal},
title         = {L-BFGS-B: Algorithm 778: L-BFGS-B, FORTRAN routines 
                 for large scale bound constrained optimization},
journal       = {ACM Transactions on Mathematical Software},
year          = 1997,
volume        = 23,
pages         = {550--560}
}
% Article en possession

@Techreport{bar:optim:02,
author        = {V. Barette},
title         = {Un outil en {C} d'optimisation diff\'erentiable sans 
                 contraintes},
institution   = {Inria},
address       = "Rocquencourt, France",
type          = {Rapport de stage},
year          = {2002},
}
% Rapport en possession

@TechReport{bcv:inria:02,
author        = {J.F. Bonnans and J.-M. Cognet and S. Volle},
title         = {Estimation de la volatilit\'e locale d'actifs 
                 financiers par une m\'ethode d'inversion 
                 num\'erique},
institution   = {Inria},
year          = 2002,
address       = "Rocquencourt, France",
type          = {Rapport de recherche},
}
% Article en possession
