@ARTICLE{Ave0,
  AUTHOR =       {M. Avellaneda and A. Levy and A. Paras},
  TITLE =        "Pricing and hedging derivatives securities in markets with uncertain volatilities",
  JOURNAL =      "Applied Mathematical Finance",
  YEAR =         "1995",
  volume =       "2",
  pages =       {73--88},
}

@ARTICLE{Ave,
  AUTHOR =       "M. Avellaneda and C. Friedman and R. Holmes and D. Samperi",
  TITLE =        "Calibrating Volatility surfaces via relative-entropy minimization",
  JOURNAL =      "Applied Mathematical Finance",
  YEAR =         "1997",
  volume =       "4",
  number =       "1",
  month =        "March",
  source =       "",
}

@ARTICLE{Ave2001,
  AUTHOR =       "M. Avellaneda and R. Buff and C. Friedman and N. Grandchamp and L. Kruk and J. Newman", 
  TITLE =        "Weighted Monte--Carlo: A New Technique for Calibrating Asset--Pricing Models",
  JOURNAL =      "Int. J. Theor. and Appl. Finance",
  YEAR =         "2001",
  volume =       "4",
  number =       "1",
  pages =        {91--119}
}


@Article{BN2001,
author        = "B. Jourdain and L. Nguyen",
title         = {Minimisation de l'entropie relative par méthode de Monte--Carlo},
journal       = {C. R. Acad. Sci. Paris, Série I},
year          = 2001,
volume        = 332,
pages         = {345--350}
}

@ARTICLE{BS73,
  AUTHOR =       "F. Black and M. Scholes",
  TITLE =        "The pricing of Options and Corporate Liabilities",
  JOURNAL =      "J. of Political Economy",
  YEAR =         "1973",
  volume =       "81",
  pages =       {635--654},
}

@Techreport{bar:optim:02,
author        = "V. Barette",
title         = {Un outil en {C} d'optimisation diff\'erentiable sans
                 contraintes},
institution   = {Inria},
address       = "Rocquencourt, France",
type          = {Rapport de stage},
year          = {2002},
}


@Article{dupire,
author        = "B. Dupire",
title         = {Pricing with a smile},
journal       = {Risk magazine},
year          = 1994,
volume        = 7,
pages         = {18--20}
}

@Article{HW87,
author        = "J. Hull and A. White",
title         = {The pricing of options on assets with stochastic volatilities},
journal       = {Journal of Finance},
year          = 1987,
volume        = 3,
pages         = {281--300}
}


@Article{lag:jcf:97,
author        = {R. Lagnado and S. Osher},
title         = {A technique for calibrating derivative security pricing models: numerical solution of an inverse problem},
journal       = {J. Comp. Fin.},
year          = 1997,
volume        = 1,
pages         = {13--25}
}

