
@article{ave:amf:97,
author        = {M. Avellaneda and C. Friedman and R. Holmes and
                 D. Samperi},
title         = {Calibrating volatility surfaces via relative entropy
                 minimization},
journal       = {Applied Mathematical Finance},
year          = {1997},
Volume        = {4},
}

@Article{lag:jcf:97,
author        = {R. Lagnado and S. Osher},
title         = {A technique for calibrating derivative security
                 pricing models: numerical solution of an inverse
                 problem},
journal       = {J. Comp. Fin.},
year          = 1997,
volume        = 1,
pages         = {13--25}
}

@Article{jac:jcf:98,
author        = {N. Jackson and E. S\"uli and S. Howison},
title         = {Computation of deterministic volatility surfaces},
journal       = {Journal of Computational Finance},
year          = 1998,
volume        = 2,
pages         = {5-32}
}
% Article en possession + fichier postscript (jackson.ps)

@Article{col:jcf:99,
author        = {T.F. Coleman and Y. Li and A. Verma},
title         = {Reconstructing the unknown local volatility
                 function},
journal       = {Journal of Computational Finance},
year          = 1999,
volume        = 2,
pages         = {77-102}
}
% Fichier postscript (coleman.ps)

@TechReport{fcl:inria:99,
author        = {F. Cl\'ement},
title         = {{MBTT} Inversion with a Poor Initial Velocity
                 Background: Optimization Strategies?
                 Density of Shots?},
institution   = {Inria},
year          = 1999,
number        = 3657,
address       = "Rocquencourt, France",
type          = {Rapport de recherche},
html          = {http://www.inria.fr/RRRT/RR-3657.html},
}
% Article en possession

@Techreport{bar:optim:02,
author        = {V. Barette},
title         = {Un outil en {C} d'optimisation diff\'erentiable sans
                 contraintes},
institution   = {Inria},
address       = "Rocquencourt, France",
type          = {Rapport de stage},
year          = {2002},
}
% Rapport en possession

@TechReport{bcv:inria:02,
author        = {J.F. Bonnans and J.-M. Cognet and S. Volle},
title         = {Estimation de la volatilit\'e locale d'actifs
                 financiers par une m\'ethode d'inversion
                 num\'erique},
institution   = {Inria},
year          = 2002,
number        = 4648,
address       = "Rocquencourt, France",
type          = {Rapport de recherche},
}
% Article en possession
@Book{BG,
  author =   {R.M. Blumenthal and R.K. Getoor},
  title     =    { Markov processes and potential
theory},
  publisher =    {Academic press, New York},
  year =         {1968},
}

@Book{F,
  author =   {Fuckushima, M. and  Oshima, Y. and Takeda, M.},
  title =        {Dirichlet forms and symmetic
Markov processes},
  publisher =    { Walter de gruyer, Berlin-New York},
  year =         {1994},
}

@Article{DK,
  author =       {Derman, E. and Kani, I.},
  title =        {Riding on the smile},
  journal =      {Risk, 7},
  year =         {1994},
  pages =    {32-39},
}

@Book{K,
  author =   {Kunite, H.},
  title =        { Stochastic Differential Equations and Stochastic Flows of
Dipheomorfisms},
  publisher =    {Ecole d'Ete de Probabilit\'{e}s de saint Flour, Lectures
Notes in mathematics, 1097},
  year =         {1984},
}

@Book{R,
  author =   {Rudin, W.},
  title =        { Real and Complex Analysis},
  publisher =    {Mc Graw-Hill Book Company},
  year =         {1966},
 }

@Book{S,
  author =   {Sharp, M.},
  title =        {General Theory of Markov Processes},
  publisher =    { Academic Press, Boston -
San Diego - New York},
  year =         {1988},
}

@Article{Dup,
  author =       {Dupire, B.},
  title =        {Pricing with a smile},
  journal =      {Risk},
  year =         {1994},
  pages =    {18-20},
  month =    {January},
}

@Article{Dup2,
  author =       {Dupire, B.},
  title =        {Pricing and Hedging with smiles},
  journal =      {Mathematics of derivatives securities},
  year =         {1997},
  pages =    {103-111},
}

@Article{AA,
  author =       {Andersen, L. and Andreasen, J.},
  title =        {Jump diffusion models: volatility smile fitting and numerical method for pricing},
  journal =      {Review of {D}erivatives {R}esearch},
  year =         {2000},
}

@Article{Sam,
  author =       {Samperi, D.},
  title =        {Calibrating a Diffusion Pricing Model with Uncertain Volatility: Regularization and Stability},
  journal =      {Mathematical Finance},
  year =         {2002},
  volume =   {12},
  number =   {1},
  pages =    {71-87},
}


@TechReport{Rama,
  author =       {Cont, R. and Tankov, P.},
  title =        {Calibration of jump-diffusion option-pricing models: a robust non-parametric approach},
  institution =  {Ecole Polytechnique},
  year =         {2002},
}
