@Article{deb:jmp:62,
author        = {C. {De Boor}},
title         = {Bicubic Spline Interpolation},
journal       = {J. Math. Phys.},
year          = {1962},
}
% Article en possession

@Article{bla:jpe:73,
author        = {F. Black and M. Scholes},
title         = {The pricing of options and corporate liabilities},
journal       = {Journal of Political Economy},
year          = 1973,
volume        = 81,
pages         = {637--654}
}
% Article en possession

@Book{lamb:ell:91,
author        = {D. Lamberton and B. Lapeyre},
title         = {Introduction au calcul stochastique appliqu\'e 
                 \`a la finance},
publisher     = {Ellipses, Paris},
year          = {1991},
}
% Bibliotheque INRIA-Rocquencourt
% Cote : H1259, inventaire 35985

@Article{dup:risk:94,
author        = {B. Dupire},
title         = {Pricing with a smile},
journal       = {Risk magazine},
year          = 1994,
volume        = 7,
pages         = {18--20}
}
% Article en possession

@Article{bun:geo:95,
author        = {C. Bunks and F.M. Saleck and S. Zaleski and 
                 G. Chavent},
title         = {Multiscale seismic waveform inversion},
journal       = {Geophysics},
year          = {1995},
volume        = {60},
pages         = {1457--1473}
}

@Article{noce:siam:95,
author        = {R.H. Byrd and P. Lu and J. Nocedal},
title         = {A Limited Memory Algorithm for Bound Constrained 
                 Optimization},
journal       = {SIAM Journal on Scientific and Statistical 
                 Computing},
year          = 1995,
volume        = 16,
pages         = {1190--1208}
}
% Article en possession

@article{ave:amf:97,
author        = {M. Avellaneda and C. Friedman and R. Holmes and 
                 D. Samperi},
title         = {Calibrating volatility surfaces via relative entropy 
                 minimization},
journal       = {Applied Mathematical Finance},
year          = {1997},
number        = {4},
}

@Article{lag:jcf:97,
author        = {R. Lagnado and S. Osher},
title         = {A technique for calibrating derivative security 
                 pricing models: numerical solution of an inverse 
                 problem},
journal       = {J. Comp. Fin.},
year          = 1997,
volume        = 1,
pages         = {13--25}
}
% Article en possession

@Article{noce:acm:97,
author        = {C. Zhu and R.H. Byrd and J. Nocedal},
title         = {L-BFGS-B: Algorithm 778: L-BFGS-B, FORTRAN routines 
                 for large scale bound constrained optimization},
journal       = {ACM Transactions on Mathematical Software},
year          = 1997,
volume        = 23,
pages         = {550--560}
}
% Article en possession

@Book{bgls:optnum:97,
author        = {J.F. Bonnans and J.C. Gilbert and C. Lemar\'echal 
                 and C. Sagastiz\'abal},
title         = {Numerical {O}ptimization: {T}heoretical and 
                 {P}ractical {A}spects},
publisher     = {Springer-Verlag, Heidelberg},
year          = {2002},
}
% Livre en possession

@Article{jac:jcf:98,
author        = {N. Jackson and E. S\"uli and S. Howison},
title         = {Computation of deterministic volatility surfaces},
journal       = {Journal of Computational Finance},
year          = 1998,
volume        = 2,
pages         = {5-32}
}
% Article en possession + fichier postscript (jackson.ps)

@Article{col:jcf:99,
author        = {T.F. Coleman and Y. Li and A. Verma},
title         = {Reconstructing the unknown local volatility 
                 function},
journal       = {Journal of Computational Finance},
year          = 1999,
volume        = 2,
pages         = {77-102}
}
% Fichier postscript (coleman.ps)

@TechReport{fcl:inria:99,
author        = {F. Cl\'ement},
title         = {{MBTT} Inversion with a Poor Initial Velocity 
                 Background: Optimization Strategies? 
                 Density of Shots?},
institution   = {Inria},
year          = 1999,
number        = 3657,
address       = "Rocquencourt, France",
type          = {Rapport de recherche},
html          = {http://www.inria.fr/RRRT/RR-3657.html},
}
% Article en possession

@Techreport{bar:optim:02,
author        = {V. Barette},
title         = {Un outil en {C} d'optimisation diff\'erentiable sans 
                 contraintes},
institution   = {Inria},
address       = "Rocquencourt, France",
type          = {Rapport de stage},
year          = {2002},
}
% Rapport en possession
