@ARTICLE{Ave0,
  AUTHOR =       "Avellaneda, M., Levy A., Paras A.",
  TITLE =        "Pricing and hedging derivatives securities in markets with uncertain volatilities",
  JOURNAL =      "Applied Mathematical Finance",
  YEAR =         "1995",
  volume =       "2",
  pages =       {73--88},
}

@ARTICLE{Ave,
  AUTHOR =       "Avellaneda, M., Friedman, C., Holmes, R., and Samperi, D.",
  TITLE =        "Calibrating Volatility surfaces via relative-entropy minimization",
  JOURNAL =      "Applied Mathematical Finance",
  YEAR =         "1997",
  volume =       "4",
  number =       "1",
  month =        "March",
  source =       "",
}

@Techreport{bar:optim:02,
author        = {V. Barette},
title         = {Un outil en {C} d'optimisation diff\'erentiable sans
                 contraintes},
institution   = {Inria},
address       = "Rocquencourt, France",
type          = {Rapport de stage},
year          = {2002},
}

@Article{dup:risk:94,
author        = {B. Dupire},
title         = {Pricing with a smile},
journal       = {Risk magazine},
year          = 1994,
volume        = 7,
pages         = {18--20}
}

@Article{lag:jcf:97,
author        = {R. Lagnado and S. Osher},
title         = {A technique for calibrating derivative security 
                 pricing models: numerical solution of an inverse 
                 problem},
journal       = {J. Comp. Fin.},
year          = 1997,
volume        = 1,
pages         = {13--25}
}

